@BOOK{althoff1995evaluating,
  TITLE = {Evaluating case-based reasoning systems},
  AUTHOR = {lthoff, Klaus D},
  YEAR = {1995}, 
  PUBLISHER = {Citeseer},
}


@inproceedings{bertin2011million,
  title={The Million Song Dataset.},
  author={Bertin-Mahieux, Thierry and Ellis, Daniel PW and Whitman, Brian and Lamere, Paul},
  booktitle={ISMIR},
  volume={2},
  pages={10},
  year={2011}
}

@misc{spotify,
  title = {The Most Popular Keys of All Music on Spotify},
  author = {Buskirk, Eliot Van },
  howpublished = {\url{https://insights.spotify.com/us/2015/05/06/most-popular-keys-on-spotify/}},
  year={2015},
  note = {Accessed: 2017-04-22}
}

@article{arcos1998saxex,
  title={Saxex: A case-based reasoning system for generating expressive musical performances},
  author={Arcos, Josep Llu{\'\i}s and De Mantaras, Ramon Lopez and Serra, Xavier},
  journal={Journal of New Music Research},
  volume={27},
  number={3},
  pages={194--210},
  year={1998},
  publisher={Taylor \& Francis}
}

@article{arcos2001interactive,
  title={An interactive case-based reasoning approach for generating expressive music},
  author={Arcos, Josep Llu{\'\i}s and De M{\'a}ntaras, Ramon L{\'o}pez},
  journal={Applied Intelligence},
  volume={14},
  number={1},
  pages={115--129},
  year={2001},
  publisher={Springer}
}

@inproceedings{pereira1997composing,
  title={Composing music with case-based reasoning},
  author={Pereira, Francisco C and Grilo, Carlos Fernando Almeida and Macedo, Lu{\'\i}s and Cardoso, Fernando Am{\'\i}lcar Bandeira},
  booktitle={International Conference on Computational Models of Creative Cognition},
  year={1997}
}

@article{de2012playing,
  title={Playing with cases: rendering expressive music with case-based reasoning},
  author={De Mantaras, Ramon Lopez},
  journal={AI Magazine},
  volume={33},
  number={4},
  pages={22},
  year={2012}
}

@article{yang2012machine,
  title={Machine recognition of music emotion: A review},
  author={Yang, Yi-Hsuan and Chen, Homer H},
  journal={ACM Transactions on Intelligent Systems and Technology (TIST)},
  volume={3},
  number={3},
  pages={40},
  year={2012},
  publisher={ACM}
}

@article{dubnov2003using,
  title={Using machine-learning methods for musical style modeling},
  author={Dubnov, Shlomo and Assayag, Gerard and Lartillot, Olivier and Bejerano, Gill},
  journal={Computer},
  volume={36},
  number={10},
  pages={73--80},
  year={2003},
  publisher={IEEE}
}

@inproceedings{eck2007autotagging,
  title={Autotagging Music Using Supervised Machine Learning.},
  author={Eck, Douglas and Bertin-Mahieux, Thierry and Lamere, Paul},
  booktitle={ISMIR},
  pages={367--368},
  year={2007}
}

@inproceedings{dhanaraj2005automatic,
  title={Automatic Prediction of Hit Songs.},
  author={Dhanaraj, Ruth and Logan, Beth},
  booktitle={ISMIR},
  pages={488--491},
  year={2005}
}

@article{dannenberg1997machine,
  title={A machine learning approach to musical style recognition},
  author={Dannenberg, Roger B and Thom, Belinda and Watson, David},
  year={1997},
  publisher={University of Michigan},
  journal={	Proc. International Computer Music Conference}
}


@article{ni2012end,
  title={An end-to-end machine learning system for harmonic analysis of music},
  author={Ni, Yizhao and McVicar, Matt and Santos-Rodriguez, Raul and De Bie, Tijl},
  journal={IEEE Transactions on Audio, Speech, and Language Processing},
  volume={20},
  number={6},
  pages={1771--1783},
  year={2012},
  publisher={IEEE}
}

@article{elgammal2015quantifying,
  title={Quantifying Creativity in Art Networks},
  author={Elgammal, Ahmed and Saleh, Babak},
  journal={arXiv preprint arXiv:1506.00711},
  year={2015}
}

@article{varshney2013big,
  title={A big data approach to computational creativity},
  author={Varshney, Lav R and Pinel, Florian and Varshney, Kush R and Bhattacharjya, Debarun and Schoergendorfer, Angela and Chee, Yi-Min},
  journal={arXiv preprint arXiv:1311.1213},
  year={2013}
}

@article{ahn2011flavor,
  title={Flavor network and the principles of food pairing},
  author={Ahn, Yong-Yeol and Ahnert, Sebastian E and Bagrow, James P and Barab{\'a}si, Albert-L{\'a}szl{\'o}},
  journal={Scientific reports},
  volume={1},
  year={2011},
  publisher={Nature Publishing Group}
}

@inproceedings{teng2012recipe,
  title={Recipe recommendation using ingredient networks},
  author={Teng, Chun-Yuen and Lin, Yu-Ru and Adamic, Lada A},
  booktitle={Proceedings of the 4th Annual ACM Web Science Conference},
  pages={298--307},
  year={2012},
  organization={ACM}
}

@article{mauch2015evolution,
  title={The evolution of popular music: USA 1960--2010},
  author={Mauch, Matthias and MacCallum, Robert M and Levy, Mark and Leroi, Armand M},
  journal={Royal Society open science},
  volume={2},
  number={5},
  pages={150081},
  year={2015},
  publisher={The Royal Society}
}

@INPROCEEDINGS{Thierry,
  author = {Thierry Bertin-Mahieux and Daniel P.W. Ellis and Brian Whitman and Paul Lamere},
  title = {The Million Song Dataset},
  booktitle = {{Proceedings of the 12th International Conference on Music Information
	Retrieval ({ISMIR} 2011)}},
  year = {2011},
  owner = {thierry},
  timestamp = {2010.03.07}
}

@INPROCEEDINGS{Dieleman,
  title={Audio-based Music Classification with a Pretrained Convolutional Network.},
  author={Dieleman, Sander and Brakel, Phil{\'e}mon and Schrauwen, Benjamin},
  booktitle={ISMIR},
  pages={669--674},
  year={2011}
}

@article{scikit-learn,
 title={Scikit-learn: Machine Learning in {P}ython},
 author={Pedregosa, F. and Varoquaux, G. and Gramfort, A. and Michel, V.
         and Thirion, B. and Grisel, O. and Blondel, M. and Prettenhofer, P.
         and Weiss, R. and Dubourg, V. and Vanderplas, J. and Passos, A. and
         Cournapeau, D. and Brucher, M. and Perrot, M. and Duchesnay, E.},
 journal={Journal of Machine Learning Research},
 volume={12},
 pages={2825--2830},
 year={2011}
}

@INPROCEEDINGS{Chai,
  title={Structural analysis of musical signals for indexing and thumbnailing},
  author={Chai, Wei and Vercoe, Barry},
  booktitle={Digital Libraries, 2003. Proceedings. 2003 Joint Conference on},
  pages={27--34},
  year={2003},
  organization={IEEE}
}

@ARTICLE{Foster3,
  title={Sequential complexity as a descriptor for musical similarity},
  author={Foster, Peter and Mauch, Matthias and Dixon, Simon},
  journal={Audio, Speech, and Language Processing, IEEE/ACM Transactions on},
  volume={22},
  number={12},
  pages={1965--1977},
  year={2014},
  publisher={IEEE}
}

@INPROCEEDINGS{Foster2,
  title={Identification of cover songs using information theoretic measures of similarity},
  author={Foster, Peter and Dixon, Simon and Klapuri, Anssi},
  booktitle={Acoustics, Speech and Signal Processing (ICASSP), 2013 IEEE International Conference on},
  pages={739--743},
  year={2013},
  organization={IEEE}
}

@ARTICLE{Serra,
  title={Measuring the evolution of contemporary western popular music},
  author={Serr{\`a}, Joan and Corral, {\'A}lvaro and Bogu{\~n}{\'a}, Mari{\'a}n and Haro, Mart{\'\i}n and Arcos, Josep Ll},
  journal={Scientific reports},
  volume={2},
  year={2012},
  publisher={Nature Publishing Group}
}
